@article{人工智能产业形势分析课题组20182018,
  title={2018中国人工智能产业展望},
  author={人工智能产业形势分析课题组},
  journal={高科技与产业化},
  number={2},
  year={2018},
}
@article{傅启明2014一种基于线性函数逼近的离策略,
	title={一种基于线性函数逼近的离策略Q（λ）算法},
	author={傅启明 and 刘全 and 王辉 and 肖飞 and 于俊 and 李娇},
	journal={计算机学报},
	volume={37},
	number={3},
	pages={677-686},
	year={2014},
}
@article{高阳2007平均奖赏强化学习算法研究,
	title={平均奖赏强化学习算法研究},
	author={高阳 and 周如益 and 王皓 and 曹志新},
	journal={计算机学报},
	volume={30},
	number={8},
	pages={1372-1378},
	year={2007},
}
@article{魏英姿2005一种基于强化学习的作业车间动态调度方法,
	title={一种基于强化学习的作业车间动态调度方法},
	author={魏英姿 and 赵明扬},
	journal={自动化学报},
	volume={31},
	number={5},
	pages={765-771},
	year={2005},
}
@article{Ipek2008Self,
	title={Self-Optimizing Memory Controllers: A Reinforcement Learning Approach},
	author={Ipek, Engin and Mutlu, Onur and Martnez, Jos F. and Caruana, Rich},
	journal={Acm Sigarch Computer Architecture News},
	volume={36},
	number={3},
	pages={39-50},
	year={2008},
}
@article{Tesauro1944TD,
	title={TD-Gammon, a Self-Teaching Backgammon Program, Achieves Master-Level Play},
	author={Tesauro, Gerald},
	journal={Neural Computation},
	volume={6},
	number={2},
	pages={215-219},
	year={1944},
}
@article{Roderick2017Implementing,
	title={Implementing the Deep Q-Network},
	author={Roderick, Melrose and Macglashan, James and Tellex, Stefanie},
	year={2017},
}
@article{Silver2016Mastering,
	title={Mastering the game of Go with deep neural networks and tree search.},
	author={Silver, D and Huang, A. and Maddison, C. J. and Guez, A and Sifre, L and Van, den Driessche G and Schrittwieser, J and Antonoglou, I and Panneershelvam, V and Lanctot, M},
	journal={Nature},
	volume={529},
	number={7587},
	pages={484-489},
	year={2016},
}
@article{Graves2016Hybrid,
	title={Hybrid computing using a neural network with dynamic external memory.},
	author={Graves, A and Wayne, G and Reynolds, M and Harley, T and Danihelka, I and Grabskabarwińska, A and Colmenarejo, S. G. and Grefenstette, E and Ramalho, T and Agapiou, J},
	journal={Nature},
	volume={538},
	number={7626},
	pages={471-476},
	year={2016},
}
@article{Wang2015Dueling,
	title={Dueling network architectures for deep reinforcement learning},
	author={Wang, Ziyu and Schaul, Tom and Hessel, Matteo and Van Hasselt, Hado and Lanctot, Marc and De Freitas, Nando},
	pages={1995-2003},
	year={2015},
}
@article{Su2016On,
	title={On-line Active Reward Learning for Policy Optimisation in Spoken Dialogue Systems},
	author={Su, Pei Hao and Gasic, Milica and Mrkšić, Nikola and Barahona, Lina M. Rojas and Ultes, Stefan and Vandyke, David and Wen, Tsung Hsien and Young, Steve},
	pages={2431-2441},
	year={2016},
}
@article{Narasimhan2016Improving,
	title={Improving Information Extraction by Acquiring External Evidence with Reinforcement Learning},
	author={Narasimhan, Karthik Rajagopal and Yala, Adam and Barzilay, Regina},
	pages={2355-2365},
	year={2016},
}
@article{Tamar2017Value,
	title={Value Iteration Networks},
	author={Tamar, Aviv and Wu, Yi and Thomas, Garrett and Levine, Sergey and Abbeel, Pieter},
	year={2017},
}
@article{Mnih2016Asynchronous,
	title={Asynchronous Methods for Deep Reinforcement Learning},
	author={Mnih, Volodymyr and Badia, Adrià Puigdomènech and Mirza, Mehdi and Graves, Alex and Lillicrap, Timothy P. and Harley, Tim and Silver, David and Kavukcuoglu, Koray},
	year={2016},
}
@article{Xia2016Dual,
	title={Dual Learning for Machine Translation},
	author={Xia, Yingce and He, Di and Qin, Tao and Wang, Liwei and Yu, Nenghai and Liu, Tie Yan and Ma, Wei Ying},
	year={2016},
}
@article{Ho2016Generative,
	title={Generative Adversarial Imitation Learning},
	author={Ho, Jonathan and Ermon, Stefano},
	year={2016},
}
@article{Jaderberg2016Reinforcement,
	title={Reinforcement Learning with Unsupervised Auxiliary Tasks},
	author={Jaderberg, Max and Mnih, Volodymyr and Czarnecki, Wojciech Marian and Schaul, Tom and Leibo, Joel Z and Silver, David and Kavukcuoglu, Koray},
	year={2016},
}
@article{Pham2018Efficient,
	title={Efficient Neural Architecture Search via Parameter Sharing},
	author={Pham, Hieu and Guan, Melody Y. and Zoph, Barret and Le, Quoc V. and Dean, Jeff},
	year={2018},
}
@inproceedings{Shibata2003Acquisition,
	title={Acquisition of box pushing by direct-vision-based reinforcement learning},
	author={Shibata, K. and Iida, M.},
	booktitle={Sice Conference in Fukui},
	pages={2322-2327 Vol.3},
	year={2003},
}
@inproceedings{Lange2010Deep,
	title={Deep auto-encoder neural networks in reinforcement learning},
	author={Lange, S and Riedmiller, M},
	booktitle={International Joint Conference on Neural Networks},
	pages={1-8},
	year={2010},
}
@inproceedings{Abtahi2015A,
	title={A deep reinforcement learning approach to character segmentation of license plate images},
	author={Abtahi, Farnaz and Zhu, Zhigang and Burry, Aaron M},
	booktitle={Iapr International Conference on Machine Vision Applications},
	pages={539-542},
	year={2015},
}
@inproceedings{Lange2012Autonomous,
	title={Autonomous reinforcement learning on raw visual input data in a real world application},
	author={Lange, S. and Riedmiller, M. and Voigtlander, A.},
	booktitle={International Joint Conference on Neural Networks},
	pages={1-8},
	year={2012},
}
@inproceedings{Kumar2014Understanding,
	title={Understanding Human Driving Behavior through Computational Cognitive Modeling},
	author={Kumar, Ajay and Prakash, Jai and Dutt, Varun},
	booktitle={International Conference on Internet of Vehicles},
	pages={56-65},
	year={2014},
}
@article{Mnih2013Playing,
	title={Playing Atari with Deep Reinforcement Learning},
	author={Mnih, Volodymyr and Kavukcuoglu, Koray and Silver, David and Graves, Alex and Antonoglou, Ioannis and Wierstra, Daan and Riedmiller, Martin},
	journal={Computer Science},
	year={2013},
}
@article{Schaul2015Prioritized,
	title={Prioritized Experience Replay},
	author={Schaul, Tom and Quan, John and Antonoglou, Ioannis and Silver, David},
	journal={Computer Science},
	year={2015},
}
@article{Goeringer2013Massively,
	title={Massively Parallel Reinforcement Learning With an Application to Video Games},
	author={Goeringer, Tyler},
	year={2013},
}
@inproceedings{Guo2014Deep,
	title={Deep learning for real-time Atari game play using offline Monte-Carlo tree search planning},
	author={Guo, X. and Singh, S. and Lee, H. and Lewis, R. and Wang, X.},
	booktitle={International Conference on Neural Information Processing Systems},
	pages={3338-3346},
	year={2014},
}
@inproceedings{DQN,
	title={Deep Reinforcement Learning with Double Q-Learning.},
	author={Van Hasselt, Hado and Guez, Arthur and Silver, David},
	booktitle={AAAI},
	volume={2},
	pages={5},
	year={2016},
	organization={Phoenix, AZ}
}
@article{Osband2016Deep,
	title={Deep Exploration via Bootstrapped DQN},
	author={Osband, Ian and Blundell, Charles and Pritzel, Alexander and Roy, Benjamin Van},
	year={2016},
}
@article{Mnih2016Asynchronous,
	title={Asynchronous Methods for Deep Reinforcement Learning},
	author={Mnih, Volodymyr and Badia, Adrià Puigdomènech and Mirza, Mehdi and Graves, Alex and Lillicrap, Timothy P. and Harley, Tim and Silver, David and Kavukcuoglu, Koray},
	year={2016},
}
@article{singh1996reinforcement,
	title={Reinforcement learning with replacing eligibility traces},
	author={Singh, Satinder P and Sutton, Richard S},
	journal={Machine learning},
	volume={22},
	number={1-3},
	pages={123--158},
	year={1996},
	publisher={Springer}
}
@article{tesauro1995temporal,
	title={Temporal difference learning and TD-Gammon},
	author={Tesauro, Gerald},
	journal={Communications of the ACM},
	volume={38},
	number={3},
	pages={58--68},
	year={1995}
}
@article{williams1992simple,
	title={Simple statistical gradient-following algorithms for connectionist reinforcement learning},
	author={Williams, Ronald J},
	journal={Machine learning},
	volume={8},
	number={3-4},
	pages={229--256},
	year={1992},
	publisher={Springer}
}
@article{Goodfellow2017NIPS,
	title={NIPS 2016 Tutorial: Generative Adversarial Networks},
	author={Goodfellow, Ian},
	year={2017},
}
@article{bernardo2007generative,
	title={Generative or discriminative? getting the best of both worlds},
	author={Bernardo, JM and Bayarri, MJ and Berger, JO and Dawid, AP and Heckerman, D and Smith, AFM and West, M},
	journal={Bayesian statistics},
	volume={8},
	number={3},
	pages={3--24},
	year={2007}
}
@article{Oord2016Pixel,
	title={Pixel Recurrent Neural Networks},
	author={Oord, Aaron Van Den and Kalchbrenner, Nal and Kavukcuoglu, Koray},
	year={2016},
}
@article{Kingma2013Auto,
	title={Auto-Encoding Variational Bayes},
	author={Kingma, Diederik P and Welling, Max},
	year={2013},
}
@incollection{joyce2011kullback,
	title={Kullback-leibler divergence},
	author={Joyce, James M},
	booktitle={International encyclopedia of statistical science},
	pages={720--722},
	year={2011},
	publisher={Springer}
}
@article{arjovsky2017wasserstein,
	title={Wasserstein gan},
	author={Arjovsky, Martin and Chintala, Soumith and Bottou, L{\'e}on},
	journal={arXiv preprint arXiv:1701.07875},
	year={2017}
}
@article{11,
	title={Mode Regularized Generative Adversarial Networks},
	author={Che, Tong and Li, Yanran and Jacob, Athul Paul and Bengio, Yoshua and Li, Wenjie},
	journal={arXiv:1612.02136},
	year={2016}}
@article{7,
	title={Unrolled Generative Adversarial Networks},
	author={Metz, Luke and Poole, Ben and Pfau, David and Sohldickstein, Jascha},
	journal={arXiv: Learning},
	year={2016}}
@article{16,
	title={Coulomb three-body bound-state problem: Variational calculations of nonrelativistic energies},
	author={Korobov, V. I},
	journal={Physical Review A},
	volume={61},
	number={6},
	pages={200-200},
	year={2000},
}
@article{17,
	title={Improved results on passivity analysis of neural networks with time-varying discrete and distributed delays},
	author={Wang, Xin and Chen, Gang and Xiao, Shenping and Luo, Changsheng},
	journal={chinese control and decision conference},
	volume={30},
	number={2},
	pages={155--169},
	year={2017}}
@article{Hartigan1979Algorithm,
	title={Algorithm AS 136: A K-Means Clustering Algorithm},
	author={Hartigan, J. A. and Wong, M. A.},
	journal={Journal of the Royal Statistical Society},
	volume={28},
	number={1},
	pages={100-108},
	year={1979},
}
@article{Holdt2010Genome,
	title={Genome-wide snp and haplotype analyses reveal a rich history underlying dog domestication.},
	author={Holdt, B. M. Von and Pollinger, J. P and Lohmueller, K. E and Han, E. J and Parker, H. G and Quignon, P and Degenhardt, J. D and Boyko, A. R and Earl, D. A and Auton, A},
	journal={Nature},
	volume={464},
	number={7290},
	pages={898-902},
	year={2010},
}
@article{12,
	title={Wasserstein gan},
	author={Arjovsky, Martin and Chintala, Soumith and Bottou, L{\'e}on},
	journal={arXiv preprint arXiv:1701.07875},
	year={2017}
}
@phdthesis{吴诚2017基于博弈论的大用户直购电双边决策研究,
	title={基于博弈论的大用户直购电双边决策研究},
	author={吴诚},
	school={东南大学},
	year={2017},
}
@article{许晓燕2018基于博弈模型的网络防御,
	title={基于博弈模型的网络防御},
	author={许晓燕},
	journal={信息与电脑(理论版)},
	number={14},
	year={2018},
}
@book{朱传军2011基于模糊测度与模糊积分的房地产评估方法与应用,
	title={基于模糊测度与模糊积分的房地产评估方法与应用},
	author={朱传军},
	publisher={科学出版社},
	year={2011},
}
@article{Lazaridou2017Multi,
	title={Multi-Agent Cooperation and the Emergence of (Natural) Language},
	author={Lazaridou, Angeliki and Peysakhovich, Alexander and Baroni, Marco},
	year={2017},
}
@inproceedings{Gupta2017Cooperative,
	title={Cooperative Multi-agent Control Using Deep Reinforcement Learning},
	author={Gupta, Jayesh K. and Egorov, Maxim and Kochenderfer, Mykel},
	booktitle={International Conference on Autonomous Agents & Multiagent Systems},
	year={2017},
}
@article{Littman1994Markov,
	title={Markov games as a framework for multi-agent reinforcement learning},
	author={Littman, Michael L.},
	journal={Machine Learning Proceedings},
	pages={157-163},
	year={1994},
}